%% This BibTeX bibliography file was created using BibDesk.
%% http://bibdesk.sourceforge.net/


%% Created for Therese at 2016-04-12 11:26:55 -0700 


%% Saved with string encoding Unicode (UTF-8) 



@article{risse2000,
	Author = {Thomas Risse},
	Date-Added = {2016-04-12 18:17:28 +0000},
	Date-Modified = {2016-04-12 18:17:28 +0000},
	Journal = {International Organization},
	Keywords = {POIR 660},
	Number = {1},
	Pages = {1-39},
	Title = {{"Let's Argue!": Communicative Action in World Politics}},
	Volume = {54},
	Year = {2000},
	Bdsk-File-1 = {YnBsaXN0MDDUAQIDBAUGJCVYJHZlcnNpb25YJG9iamVjdHNZJGFyY2hpdmVyVCR0b3ASAAGGoKgHCBMUFRYaIVUkbnVsbNMJCgsMDxJXTlMua2V5c1pOUy5vYmplY3RzViRjbGFzc6INDoACgAOiEBGABIAFgAdccmVsYXRpdmVQYXRoWWFsaWFzRGF0YV8QVi4uLy4uLy4uL0ZhbGwgMjAxMy9QT0lSIDY2MF9LYW5nX0lSIFRoZW9yaWVzL1dlZWsgMTNfQXV0aG9yaXR5L1Jpc3NlIC0gTGV0J3MgQXJndWUucGRm0hcLGBlXTlMuZGF0YU8RAk4AAAAAAk4AAgAADE1hY2ludG9zaCBIRAAAAAAAAAAAAAAAAAAAANEO2IhIKwAAAAnQ3BdSaXNzZSAtIExldCdzIEFyZ3VlLnBkZgAAAAAAAAAAAAAAAAAAAAAAAAAAAAAAAAAAAAAAAAAAAAAAAAAAAAAACdD6zrdyj1BERiAAAAAAAAMABAAACSAAAAAAAAAAAAAAAAAAAAARV2VlayAxM19BdXRob3JpdHkAABAACAAA0Q9JCAAAABEACAAAzrfjDwAAAAEAIAAJ0NwACdBjAAnOHAAJzboACa6+AAlhvwAJRsYAApUUAAIAiE1hY2ludG9zaCBIRDpVc2VyczoAdGhlcmVzZWFuZGVyczoARG9jdW1lbnRzOgBVTkk6AFVTQzoARmFsbCAyMDEzOgBQT0lSIDY2MF9LYW5nX0lSIFRoZW9yaWVzOgBXZWVrIDEzX0F1dGhvcml0eToAUmlzc2UgLSBMZXQncyBBcmd1ZS5wZGYADgAwABcAUgBpAHMAcwBlACAALQAgAEwAZQB0ACcAcwAgAEEAcgBnAHUAZQAuAHAAZABmAA8AGgAMAE0AYQBjAGkAbgB0AG8AcwBoACAASABEABIAc1VzZXJzL3RoZXJlc2VhbmRlcnMvRG9jdW1lbnRzL1VOSS9VU0MvRmFsbCAyMDEzL1BPSVIgNjYwX0thbmdfSVIgVGhlb3JpZXMvV2VlayAxM19BdXRob3JpdHkvUmlzc2UgLSBMZXQncyBBcmd1ZS5wZGYAABMAAS8AABUAAgAU//8AAIAG0hscHR5aJGNsYXNzbmFtZVgkY2xhc3Nlc11OU011dGFibGVEYXRhox0fIFZOU0RhdGFYTlNPYmplY3TSGxwiI1xOU0RpY3Rpb25hcnmiIiBfEA9OU0tleWVkQXJjaGl2ZXLRJidUcm9vdIABAAgAEQAaACMALQAyADcAQABGAE0AVQBgAGcAagBsAG4AcQBzAHUAdwCEAI4A5wDsAPQDRgNIA00DWANhA28DcwN6A4MDiAOVA5gDqgOtA7IAAAAAAAACAQAAAAAAAAAoAAAAAAAAAAAAAAAAAAADtA==}}

@book{keohane2005,
	Author = {Robert O. Keohane},
	Date-Added = {2016-04-12 18:16:35 +0000},
	Date-Modified = {2016-04-12 18:23:10 +0000},
	Edition = {2nd},
	Keywords = {POIR 670},
	Publisher = {Princeton University Press},
	Title = {{After Hegemony: Cooperation and Discord in the World Political Economy}},
	Year = {2005},
	Bdsk-File-1 = {YnBsaXN0MDDUAQIDBAUGJCVYJHZlcnNpb25YJG9iamVjdHNZJGFyY2hpdmVyVCR0b3ASAAGGoKgHCBMUFRYaIVUkbnVsbNMJCgsMDxJXTlMua2V5c1pOUy5vYmplY3RzViRjbGFzc6INDoACgAOiEBGABIAFgAdccmVsYXRpdmVQYXRoWWFsaWFzRGF0YV8QQC4uLy4uLy4uL1NwcmluZyAyMDE0L1BPSVIgNjcwL1dlZWsgNV9IZWdlbW9ueS9BZnRlciBIZWdlbW9ueS5wZGbSFwsYGVdOUy5kYXRhTxECFgAAAAACFgACAAAMTWFjaW50b3NoIEhEAAAAAAAAAAAAAAAAAAAA0Q7YiEgrAAAACeRqEkFmdGVyIEhlZ2Vtb255LnBkZgAAAAAAAAAAAAAAAAAAAAAAAAAAAAAAAAAAAAAAAAAAAAAAAAAAAAAAAAAAAAAJ5GzPHTTlUERGIAAAAAAAAwAEAAAJIAAAAAAAAAAAAAAAAAAAAA9XZWVrIDVfSGVnZW1vbnkAABAACAAA0Q9JCAAAABEACAAAzx2lZQAAAAEAIAAJ5GoACeLlAAng7AAJzboACa6+AAlhvwAJRsYAApUUAAIAck1hY2ludG9zaCBIRDpVc2VyczoAdGhlcmVzZWFuZGVyczoARG9jdW1lbnRzOgBVTkk6AFVTQzoAU3ByaW5nIDIwMTQ6AFBPSVIgNjcwOgBXZWVrIDVfSGVnZW1vbnk6AEFmdGVyIEhlZ2Vtb255LnBkZgAOACYAEgBBAGYAdABlAHIAIABIAGUAZwBlAG0AbwBuAHkALgBwAGQAZgAPABoADABNAGEAYwBpAG4AdABvAHMAaAAgAEgARAASAF1Vc2Vycy90aGVyZXNlYW5kZXJzL0RvY3VtZW50cy9VTkkvVVNDL1NwcmluZyAyMDE0L1BPSVIgNjcwL1dlZWsgNV9IZWdlbW9ueS9BZnRlciBIZWdlbW9ueS5wZGYAABMAAS8AABUAAgAU//8AAIAG0hscHR5aJGNsYXNzbmFtZVgkY2xhc3Nlc11OU011dGFibGVEYXRhox0fIFZOU0RhdGFYTlNPYmplY3TSGxwiI1xOU0RpY3Rpb25hcnmiIiBfEA9OU0tleWVkQXJjaGl2ZXLRJidUcm9vdIABAAgAEQAaACMALQAyADcAQABGAE0AVQBgAGcAagBsAG4AcQBzAHUAdwCEAI4A0QDWAN4C+AL6Av8DCgMTAyEDJQMsAzUDOgNHA0oDXANfA2QAAAAAAAACAQAAAAAAAAAoAAAAAAAAAAAAAAAAAAADZg==},
	Bdsk-File-2 = {YnBsaXN0MDDUAQIDBAUGJCVYJHZlcnNpb25YJG9iamVjdHNZJGFyY2hpdmVyVCR0b3ASAAGGoKgHCBMUFRYaIVUkbnVsbNMJCgsMDxJXTlMua2V5c1pOUy5vYmplY3RzViRjbGFzc6INDoACgAOiEBGABIAFgAdccmVsYXRpdmVQYXRoWWFsaWFzRGF0YV8QYy4uLy4uLy4uL1NwcmluZyAyMDE0L1BPSVIgNjcwL1dlZWsgNV9IZWdlbW9ueS9Ob3Rlcy9LZW9oYW5lIDE5ODVfU3VtbWFyeSBDaGFwdGVycyAzLDQsNl9UaGVyZXNlLnBkZtIXCxgZV05TLmRhdGFPEQKAAAAAAAKAAAIAAAxNYWNpbnRvc2ggSEQAAAAAAAAAAAAAAAAAAADRDtiISCsAAAAJ5HIfS2VvaGFuZSAxOTg1X1N1bW1hcnkjNkE0OUUxLnBkZgAAAAAAAAAAAAAAAAAAAAAAAAAAAAAAAAAAAAAAAAAAAGpJ4c8frKsAAAAAAAAAAAADAAUAAAkgAAAAAAAAAAAAAAAAAAAABU5vdGVzAAAQAAgAANEPSQgAAAARAAgAAM8gHSsAAAABACQACeRyAAnkagAJ4uUACeDsAAnNugAJrr4ACWG/AAlGxgAClRQAAgCGTWFjaW50b3NoIEhEOlVzZXJzOgB0aGVyZXNlYW5kZXJzOgBEb2N1bWVudHM6AFVOSToAVVNDOgBTcHJpbmcgMjAxNDoAUE9JUiA2NzA6AFdlZWsgNV9IZWdlbW9ueToATm90ZXM6AEtlb2hhbmUgMTk4NV9TdW1tYXJ5IzZBNDlFMS5wZGYADgBgAC8ASwBlAG8AaABhAG4AZQAgADEAOQA4ADUAXwBTAHUAbQBtAGEAcgB5ACAAQwBoAGEAcAB0AGUAcgBzACAAMwAsADQALAA2AF8AVABoAGUAcgBlAHMAZQAuAHAAZABmAA8AGgAMAE0AYQBjAGkAbgB0AG8AcwBoACAASABEABIAgFVzZXJzL3RoZXJlc2VhbmRlcnMvRG9jdW1lbnRzL1VOSS9VU0MvU3ByaW5nIDIwMTQvUE9JUiA2NzAvV2VlayA1X0hlZ2Vtb255L05vdGVzL0tlb2hhbmUgMTk4NV9TdW1tYXJ5IENoYXB0ZXJzIDMsNCw2X1RoZXJlc2UucGRmABMAAS8AABUAAgAU//8AAIAG0hscHR5aJGNsYXNzbmFtZVgkY2xhc3Nlc11OU011dGFibGVEYXRhox0fIFZOU0RhdGFYTlNPYmplY3TSGxwiI1xOU0RpY3Rpb25hcnmiIiBfEA9OU0tleWVkQXJjaGl2ZXLRJidUcm9vdIABAAgAEQAaACMALQAyADcAQABGAE0AVQBgAGcAagBsAG4AcQBzAHUAdwCEAI4A9AD5AQEDhQOHA4wDlwOgA64DsgO5A8IDxwPUA9cD6QPsA/EAAAAAAAACAQAAAAAAAAAoAAAAAAAAAAAAAAAAAAAD8w==},
	Bdsk-File-3 = {YnBsaXN0MDDUAQIDBAUGJCVYJHZlcnNpb25YJG9iamVjdHNZJGFyY2hpdmVyVCR0b3ASAAGGoKgHCBMUFRYaIVUkbnVsbNMJCgsMDxJXTlMua2V5c1pOUy5vYmplY3RzViRjbGFzc6INDoACgAOiEBGABIAFgAdccmVsYXRpdmVQYXRoWWFsaWFzRGF0YV8QYy4uLy4uLy4uL0ZhbGwgMjAxMy9QT0lSIDY2MF9LYW5nX0lSIFRoZW9yaWVzL1dlZWsgOF9JbnN0aXR1dGlvbnMvTm90ZXMvUm9iZXJ0IEtlb2hhbmUgMTAtMTctMTMuZG9jeNIXCxgZV05TLmRhdGFPEQJqAAAAAAJqAAIAAAxNYWNpbnRvc2ggSEQAAAAAAAAAAAAAAAAAAADRDtiISCsAAAAJ0a8cUm9iZXJ0IEtlb2hhbmUgMTAtMTctMTMuZG9jeAAAAAAAAAAAAAAAAAAAAAAAAAAAAAAAAAAAAAAAAAAAAAAAAAnRus6EdCEAAAAAAAAAAAADAAUAAAkgAAAAAAAAAAAAAAAAAAAABU5vdGVzAAAQAAgAANEPSQgAAAARAAgAAM6E1pEAAAABACQACdGvAAnRqQAJ0GMACc4cAAnNugAJrr4ACWG/AAlGxgAClRQAAgCWTWFjaW50b3NoIEhEOlVzZXJzOgB0aGVyZXNlYW5kZXJzOgBEb2N1bWVudHM6AFVOSToAVVNDOgBGYWxsIDIwMTM6AFBPSVIgNjYwX0thbmdfSVIgVGhlb3JpZXM6AFdlZWsgOF9JbnN0aXR1dGlvbnM6AE5vdGVzOgBSb2JlcnQgS2VvaGFuZSAxMC0xNy0xMy5kb2N4AA4AOgAcAFIAbwBiAGUAcgB0ACAASwBlAG8AaABhAG4AZQAgADEAMAAtADEANwAtADEAMwAuAGQAbwBjAHgADwAaAAwATQBhAGMAaQBuAHQAbwBzAGgAIABIAEQAEgCAVXNlcnMvdGhlcmVzZWFuZGVycy9Eb2N1bWVudHMvVU5JL1VTQy9GYWxsIDIwMTMvUE9JUiA2NjBfS2FuZ19JUiBUaGVvcmllcy9XZWVrIDhfSW5zdGl0dXRpb25zL05vdGVzL1JvYmVydCBLZW9oYW5lIDEwLTE3LTEzLmRvY3gAEwABLwAAFQACABT//wAAgAbSGxwdHlokY2xhc3NuYW1lWCRjbGFzc2VzXU5TTXV0YWJsZURhdGGjHR8gVk5TRGF0YVhOU09iamVjdNIbHCIjXE5TRGljdGlvbmFyeaIiIF8QD05TS2V5ZWRBcmNoaXZlctEmJ1Ryb290gAEACAARABoAIwAtADIANwBAAEYATQBVAGAAZwBqAGwAbgBxAHMAdQB3AIQAjgD0APkBAQNvA3EDdgOBA4oDmAOcA6MDrAOxA74DwQPTA9YD2wAAAAAAAAIBAAAAAAAAACgAAAAAAAAAAAAAAAAAAAPd}}

@article{vasquez1997,
	Author = {John A. Vasquez},
	Date-Added = {2016-04-12 18:12:31 +0000},
	Date-Modified = {2016-04-12 18:12:31 +0000},
	Journal = {American Political Science Review},
	Keywords = {Realism, POIR 660},
	Number = {4},
	Pages = {899-912},
	Title = {The Realist Paradigm and Degenerative versus Progressive Research Programs: An Appraisal of Neotraditional Research on Waltz's Balancing Proposition},
	Volume = {91},
	Year = {1997},
	Bdsk-File-1 = {YnBsaXN0MDDUAQIDBAUGJCVYJHZlcnNpb25YJG9iamVjdHNZJGFyY2hpdmVyVCR0b3ASAAGGoKgHCBMUFRYaIVUkbnVsbNMJCgsMDxJXTlMua2V5c1pOUy5vYmplY3RzViRjbGFzc6INDoACgAOiEBGABIAFgAdccmVsYXRpdmVQYXRoWWFsaWFzRGF0YV8Qei4uLy4uLy4uL0Ryb3Bib3gvU2ljaGVydW5nIEZhbGwgMjAxMyBTZW1lc3Rlci9GYWxsIDIwMTMvUE9JUiA2NjBfS2FuZ19JUiBUaGVvcmllcy9XZWVrIDNfRXF1YWxpdHlfUmVhbGlzbS9WYXNxdWV6XzE5OTcucGRm0hcLGBlXTlMuZGF0YU8RAmYAAAAAAmYAAgAADE1hY2ludG9zaCBIRAAAAAAAAAAAAAAAAAAAAM4Lu6VIKwAAADdmjRBWYXNxdWV6XzE5OTcucGRmAAAAAAAAAAAAAAAAAAAAAAAAAAAAAAAAAAAAAAAAAAAAAAAAAAAAAAAAAAAAAAAAN2abzk97lgAAAAAAAAAAAAMABgAACSAAAAAAAAAAAAAAAAAAAAAXV2VlayAzX0VxdWFsaXR5X1JlYWxpc20AABAACAAAzgweFQAAABEACAAAzk/eBgAAAAEAHAA3Zo0AN2ZBADdknwA0CtkADD26AAsd+wAAwEwAAgCZTWFjaW50b3NoIEhEOlVzZXJzOgB0aGVyZXNlYW5kZXJzOgBEcm9wYm94OgBTaWNoZXJ1bmcgRmFsbCAyMDEzIFNlbWVzdGVyOgBGYWxsIDIwMTM6AFBPSVIgNjYwX0thbmdfSVIgVGhlb3JpZXM6AFdlZWsgM19FcXVhbGl0eV9SZWFsaXNtOgBWYXNxdWV6XzE5OTcucGRmAAAOACIAEABWAGEAcwBxAHUAZQB6AF8AMQA5ADkANwAuAHAAZABmAA8AGgAMAE0AYQBjAGkAbgB0AG8AcwBoACAASABEABIAhVVzZXJzL3RoZXJlc2VhbmRlcnMvRHJvcGJveC9TaWNoZXJ1bmcgRmFsbCAyMDEzIFNlbWVzdGVyL0ZhbGwgMjAxMy9QT0lSIDY2MF9LYW5nX0lSIFRoZW9yaWVzL1dlZWsgM19FcXVhbGl0eV9SZWFsaXNtL1Zhc3F1ZXpfMTk5Ny5wZGYAABMAAS8AABUAAgAU//8AAIAG0hscHR5aJGNsYXNzbmFtZVgkY2xhc3Nlc11OU011dGFibGVEYXRhox0fIFZOU0RhdGFYTlNPYmplY3TSGxwiI1xOU0RpY3Rpb25hcnmiIiBfEA9OU0tleWVkQXJjaGl2ZXLRJidUcm9vdIABAAgAEQAaACMALQAyADcAQABGAE0AVQBgAGcAagBsAG4AcQBzAHUAdwCEAI4BCwEQARgDggOEA4kDlAOdA6sDrwO2A78DxAPRA9QD5gPpA+4AAAAAAAACAQAAAAAAAAAoAAAAAAAAAAAAAAAAAAAD8A==},
	Bdsk-File-2 = {YnBsaXN0MDDUAQIDBAUGJCVYJHZlcnNpb25YJG9iamVjdHNZJGFyY2hpdmVyVCR0b3ASAAGGoKgHCBMUFRYaIVUkbnVsbNMJCgsMDxJXTlMua2V5c1pOUy5vYmplY3RzViRjbGFzc6INDoACgAOiEBGABIAFgAdccmVsYXRpdmVQYXRoWWFsaWFzRGF0YV8Qey4uLy4uLy4uL0Ryb3Bib3gvU2ljaGVydW5nIEZhbGwgMjAxMyBTZW1lc3Rlci9GYWxsIDIwMTMvUE9JUiA2NjBfS2FuZ19JUiBUaGVvcmllcy9XZWVrIDNfRXF1YWxpdHlfUmVhbGlzbS9WYXNxdWV6XzE5OTcuZG9jeNIXCxgZV05TLmRhdGFPEQJoAAAAAAJoAAIAAAxNYWNpbnRvc2ggSEQAAAAAAAAAAAAAAAAAAADOC7ulSCsAAAA3Zo0RVmFzcXVlel8xOTk3LmRvY3gAAAAAAAAAAAAAAAAAAAAAAAAAAAAAAAAAAAAAAAAAAAAAAAAAAAAAAAAAAAAAADdmms5Wy6tXWEJOTVNXRAADAAYAAAkgAAAAAAAAAAAAAAAAAAAAF1dlZWsgM19FcXVhbGl0eV9SZWFsaXNtAAAQAAgAAM4MHhUAAAARAAgAAM5XLhsAAAABABwAN2aNADdmQQA3ZJ8ANArZAAw9ugALHfsAAMBMAAIAmk1hY2ludG9zaCBIRDpVc2VyczoAdGhlcmVzZWFuZGVyczoARHJvcGJveDoAU2ljaGVydW5nIEZhbGwgMjAxMyBTZW1lc3RlcjoARmFsbCAyMDEzOgBQT0lSIDY2MF9LYW5nX0lSIFRoZW9yaWVzOgBXZWVrIDNfRXF1YWxpdHlfUmVhbGlzbToAVmFzcXVlel8xOTk3LmRvY3gADgAkABEAVgBhAHMAcQB1AGUAegBfADEAOQA5ADcALgBkAG8AYwB4AA8AGgAMAE0AYQBjAGkAbgB0AG8AcwBoACAASABEABIAhlVzZXJzL3RoZXJlc2VhbmRlcnMvRHJvcGJveC9TaWNoZXJ1bmcgRmFsbCAyMDEzIFNlbWVzdGVyL0ZhbGwgMjAxMy9QT0lSIDY2MF9LYW5nX0lSIFRoZW9yaWVzL1dlZWsgM19FcXVhbGl0eV9SZWFsaXNtL1Zhc3F1ZXpfMTk5Ny5kb2N4ABMAAS8AABUAAgAU//8AAIAG0hscHR5aJGNsYXNzbmFtZVgkY2xhc3Nlc11OU011dGFibGVEYXRhox0fIFZOU0RhdGFYTlNPYmplY3TSGxwiI1xOU0RpY3Rpb25hcnmiIiBfEA9OU0tleWVkQXJjaGl2ZXLRJidUcm9vdIABAAgAEQAaACMALQAyADcAQABGAE0AVQBgAGcAagBsAG4AcQBzAHUAdwCEAI4BDAERARkDhQOHA4wDlwOgA64DsgO5A8IDxwPUA9cD6QPsA/EAAAAAAAACAQAAAAAAAAAoAAAAAAAAAAAAAAAAAAAD8w==},
	Bdsk-File-3 = {YnBsaXN0MDDUAQIDBAUGJCVYJHZlcnNpb25YJG9iamVjdHNZJGFyY2hpdmVyVCR0b3ASAAGGoKgHCBMUFRYaIVUkbnVsbNMJCgsMDxJXTlMua2V5c1pOUy5vYmplY3RzViRjbGFzc6INDoACgAOiEBGABIAFgAdccmVsYXRpdmVQYXRoWWFsaWFzRGF0YV8QlS4uLy4uLy4uL0Ryb3Bib3gvU2ljaGVydW5nIEZhbGwgMjAxMyBTZW1lc3Rlci9GYWxsIDIwMTMvUE9JUiA2NjBfS2FuZ19JUiBUaGVvcmllcy9XZWVrIDNfRXF1YWxpdHlfUmVhbGlzbS9EaXNjdXNzaW9uX0NyaXRpY2lzbSBvbiBSZWFsaXNtX0FuZGVycy5kb2N40hcLGBlXTlMuZGF0YU8RAsQAAAAAAsQAAgAADE1hY2ludG9zaCBIRAAAAAAAAAAAAAAAAAAAAM4Lu6VIKwAAADdmjR9EaXNjdXNzaW9uX0NyaXRpY2lzIzM3NjY5NC5kb2N4AAAAAAAAAAAAAAAAAAAAAAAAAAAAAAAAAAAAAAAAAAAAN2aUzlbKPFdYQk5NU1dEAAMABgAACSAAAAAAAAAAAAAAAAAAAAAXV2VlayAzX0VxdWFsaXR5X1JlYWxpc20AABAACAAAzgweFQAAABEACAAAzlcsrAAAAAEAHAA3Zo0AN2ZBADdknwA0CtkADD26AAsd+wAAwEwAAgCoTWFjaW50b3NoIEhEOlVzZXJzOgB0aGVyZXNlYW5kZXJzOgBEcm9wYm94OgBTaWNoZXJ1bmcgRmFsbCAyMDEzIFNlbWVzdGVyOgBGYWxsIDIwMTM6AFBPSVIgNjYwX0thbmdfSVIgVGhlb3JpZXM6AFdlZWsgM19FcXVhbGl0eV9SZWFsaXNtOgBEaXNjdXNzaW9uX0NyaXRpY2lzIzM3NjY5NC5kb2N4AA4AWAArAEQAaQBzAGMAdQBzAHMAaQBvAG4AXwBDAHIAaQB0AGkAYwBpAHMAbQAgAG8AbgAgAFIAZQBhAGwAaQBzAG0AXwBBAG4AZABlAHIAcwAuAGQAbwBjAHgADwAaAAwATQBhAGMAaQBuAHQAbwBzAGgAIABIAEQAEgCgVXNlcnMvdGhlcmVzZWFuZGVycy9Ecm9wYm94L1NpY2hlcnVuZyBGYWxsIDIwMTMgU2VtZXN0ZXIvRmFsbCAyMDEzL1BPSVIgNjYwX0thbmdfSVIgVGhlb3JpZXMvV2VlayAzX0VxdWFsaXR5X1JlYWxpc20vRGlzY3Vzc2lvbl9Dcml0aWNpc20gb24gUmVhbGlzbV9BbmRlcnMuZG9jeAATAAEvAAAVAAIAFP//AACABtIbHB0eWiRjbGFzc25hbWVYJGNsYXNzZXNdTlNNdXRhYmxlRGF0YaMdHyBWTlNEYXRhWE5TT2JqZWN00hscIiNcTlNEaWN0aW9uYXJ5oiIgXxAPTlNLZXllZEFyY2hpdmVy0SYnVHJvb3SAAQAIABEAGgAjAC0AMgA3AEAARgBNAFUAYABnAGoAbABuAHEAcwB1AHcAhACOASYBKwEzA/sD/QQCBA0EFgQkBCgELwQ4BD0ESgRNBF8EYgRnAAAAAAAAAgEAAAAAAAAAKAAAAAAAAAAAAAAAAAAABGk=}}

@article{miguelkremer2004,
	Abstract = {Intestinal helminths---including hookworm, roundworm, whipworm, and schistoso- miasis---infect more than one-quarter of the world's population. Studies in which med- ical treatment is randomized at the individual level potentially doubly underestimate the benefits of treatment, missing externality benefits to the comparison group from re- duced disease transmission, and therefore also underestimating benefits for the treat- ment group. We evaluate a Kenyan project in which school-based mass treatment with deworming drugs was randomly phased into schools, rather than to individuals, allow- ing estimation of overall program effects. The program reduced school absenteeism in treatment schools by one-quarter, and was far cheaper than alternative ways of boost- ing school participation. Deworming substantially improved health and school partic- ipation among untreated children in both treatment schools and neighboring schools, and these externalities are large enough to justify fully subsidizing treatment. Yet we do not find evidence that deworming improved academic test scores.},
	Annote = {See also the class notes for POIR 610 and ECON 644.},
	Author = {Edward Miguel and Michael Kremer},
	Date-Added = {2016-04-12 18:10:56 +0000},
	Date-Modified = {2016-04-12 18:10:56 +0000},
	Journal = {Econometrica},
	Keywords = {POIR 610, Experiments, Econ 644, Education},
	Number = {1},
	Pages = {159-217},
	Read = {1},
	Title = {{Worms: Identifying impacts on education and health in the presence of treatment externalities}},
	Volume = {72},
	Year = {2004},
	Bdsk-File-1 = {YnBsaXN0MDDUAQIDBAUGJCVYJHZlcnNpb25YJG9iamVjdHNZJGFyY2hpdmVyVCR0b3ASAAGGoKgHCBMUFRYaIVUkbnVsbNMJCgsMDxJXTlMua2V5c1pOUy5vYmplY3RzViRjbGFzc6INDoACgAOiEBGABIAFgAdccmVsYXRpdmVQYXRoWWFsaWFzRGF0YV8QYC4uLy4uLy4uL0ZhbGwgMjAxMy9QT0lSIDYxMF9XZWxsZXJfUmVzZWFyY2ggRGVzaWduL1dlZWsgNl9Nb3JlIEV4cGVyaW1lbnRzL01pZ3VlbCBhbmQgS3JlbWVyLnBkZtIXCxgZV05TLmRhdGFPEQJkAAAAAAJkAAIAAAxNYWNpbnRvc2ggSEQAAAAAAAAAAAAAAAAAAADRDtiISCsAAAAJz9AVTWlndWVsIGFuZCBLcmVtZXIucGRmAAAAAAAAAAAAAAAAAAAAAAAAAAAAAAAAAAAAAAAAAAAAAAAAAAAAAAAAAAnP1c5/M7dQREYgAAAAAAADAAQAAAkgAAAAAAAAAAAAAAAAAAAAF1dlZWsgNl9Nb3JlIEV4cGVyaW1lbnRzAAAQAAgAANEPSQgAAAARAAgAAM5/licAAAABACAACc/QAAnOJAAJzhwACc26AAmuvgAJYb8ACUbGAAKVFAACAJJNYWNpbnRvc2ggSEQ6VXNlcnM6AHRoZXJlc2VhbmRlcnM6AERvY3VtZW50czoAVU5JOgBVU0M6AEZhbGwgMjAxMzoAUE9JUiA2MTBfV2VsbGVyX1Jlc2VhcmNoIERlc2lnbjoAV2VlayA2X01vcmUgRXhwZXJpbWVudHM6AE1pZ3VlbCBhbmQgS3JlbWVyLnBkZgAOACwAFQBNAGkAZwB1AGUAbAAgAGEAbgBkACAASwByAGUAbQBlAHIALgBwAGQAZgAPABoADABNAGEAYwBpAG4AdABvAHMAaAAgAEgARAASAH1Vc2Vycy90aGVyZXNlYW5kZXJzL0RvY3VtZW50cy9VTkkvVVNDL0ZhbGwgMjAxMy9QT0lSIDYxMF9XZWxsZXJfUmVzZWFyY2ggRGVzaWduL1dlZWsgNl9Nb3JlIEV4cGVyaW1lbnRzL01pZ3VlbCBhbmQgS3JlbWVyLnBkZgAAEwABLwAAFQACABT//wAAgAbSGxwdHlokY2xhc3NuYW1lWCRjbGFzc2VzXU5TTXV0YWJsZURhdGGjHR8gVk5TRGF0YVhOU09iamVjdNIbHCIjXE5TRGljdGlvbmFyeaIiIF8QD05TS2V5ZWRBcmNoaXZlctEmJ1Ryb290gAEACAARABoAIwAtADIANwBAAEYATQBVAGAAZwBqAGwAbgBxAHMAdQB3AIQAjgDxAPYA/gNmA2gDbQN4A4EDjwOTA5oDowOoA7UDuAPKA80D0gAAAAAAAAIBAAAAAAAAACgAAAAAAAAAAAAAAAAAAAPU},
	Bdsk-File-2 = {YnBsaXN0MDDUAQIDBAUGJCVYJHZlcnNpb25YJG9iamVjdHNZJGFyY2hpdmVyVCR0b3ASAAGGoKgHCBMUFRYaIVUkbnVsbNMJCgsMDxJXTlMua2V5c1pOUy5vYmplY3RzViRjbGFzc6INDoACgAOiEBGABIAFgAdccmVsYXRpdmVQYXRoWWFsaWFzRGF0YV8QLS4uLy4uLy4uL0Ryb3Bib3gvTWlndWVsIGFuZCBLcmVtZXIgbm90ZXMuZG9jeNIXCxgZV05TLmRhdGFPEQG+AAAAAAG+AAIAAAxNYWNpbnRvc2ggSEQAAAAAAAAAAAAAAAAAAADOC7ulSCsAAAAMPbocTWlndWVsIGFuZCBLcmVtZXIgbm90ZXMuZG9jeAAAAAAAAAAAAAAAAAAAAAAAAAAAAAAAAAAAAAAAAAAAAAAAADQTes6Aj2EAAAAAAAAAAAADAAIAAAkgAAAAAAAAAAAAAAAAAAAAB0Ryb3Bib3gAABAACAAAzgweFQAAABEACAAAzoDx0QAAAAEADAAMPboACx37AADATAACAEhNYWNpbnRvc2ggSEQ6VXNlcnM6AHRoZXJlc2VhbmRlcnM6AERyb3Bib3g6AE1pZ3VlbCBhbmQgS3JlbWVyIG5vdGVzLmRvY3gADgA6ABwATQBpAGcAdQBlAGwAIABhAG4AZAAgAEsAcgBlAG0AZQByACAAbgBvAHQAZQBzAC4AZABvAGMAeAAPABoADABNAGEAYwBpAG4AdABvAHMAaAAgAEgARAASADhVc2Vycy90aGVyZXNlYW5kZXJzL0Ryb3Bib3gvTWlndWVsIGFuZCBLcmVtZXIgbm90ZXMuZG9jeAATAAEvAAAVAAIAFP//AACABtIbHB0eWiRjbGFzc25hbWVYJGNsYXNzZXNdTlNNdXRhYmxlRGF0YaMdHyBWTlNEYXRhWE5TT2JqZWN00hscIiNcTlNEaWN0aW9uYXJ5oiIgXxAPTlNLZXllZEFyY2hpdmVy0SYnVHJvb3SAAQAIABEAGgAjAC0AMgA3AEAARgBNAFUAYABnAGoAbABuAHEAcwB1AHcAhACOAL4AwwDLAo0CjwKUAp8CqAK2AroCwQLKAs8C3ALfAvEC9AL5AAAAAAAAAgEAAAAAAAAAKAAAAAAAAAAAAAAAAAAAAvs=},
	Bdsk-File-3 = {YnBsaXN0MDDUAQIDBAUGJCVYJHZlcnNpb25YJG9iamVjdHNZJGFyY2hpdmVyVCR0b3ASAAGGoKgHCBMUFRYaIVUkbnVsbNMJCgsMDxJXTlMua2V5c1pOUy5vYmplY3RzViRjbGFzc6INDoACgAOiEBGABIAFgAdccmVsYXRpdmVQYXRoWWFsaWFzRGF0YV8QWi4uLy4uLy4uL1NwcmluZ18yMDE1L0VDT04gNjQ0L1dlZWsgM19IZWFsdGgvTWlndWVsIGFuZCBLcmFtZXIgSGVhbHRoIGFuZCBFeHRlcm5hbGl0aWVzLnBkZtIXCxgZV05TLmRhdGFPEQJyAAAAAAJyAAIAAAxNYWNpbnRvc2ggSEQAAAAAAAAAAAAAAAAAAADRDtiISCsAAAAJ5j8fTWlndWVsIGFuZCBLcmFtZXIgSGVhIzlFNjQwLnBkZgAAAAAAAAAAAAAAAAAAAAAAAAAAAAAAAAAAAAAAAAAAAAnmQNDuTYUAAAAAAAAAAAADAAQAAAkgAAAAAAAAAAAAAAAAAAAADVdlZWsgM19IZWFsdGgAABAACAAA0Q9JCAAAABEACAAA0O6+BQAAAAEAIAAJ5j8ACeXJAAnlxwAJzboACa6+AAlhvwAJRsYAApUUAAIAfU1hY2ludG9zaCBIRDpVc2VyczoAdGhlcmVzZWFuZGVyczoARG9jdW1lbnRzOgBVTkk6AFVTQzoAU3ByaW5nXzIwMTU6AEVDT04gNjQ0OgBXZWVrIDNfSGVhbHRoOgBNaWd1ZWwgYW5kIEtyYW1lciBIZWEjOUU2NDAucGRmAAAOAF4ALgBNAGkAZwB1AGUAbAAgAGEAbgBkACAASwByAGEAbQBlAHIAIABIAGUAYQBsAHQAaAAgAGEAbgBkACAARQB4AHQAZQByAG4AYQBsAGkAdABpAGUAcwAuAHAAZABmAA8AGgAMAE0AYQBjAGkAbgB0AG8AcwBoACAASABEABIAd1VzZXJzL3RoZXJlc2VhbmRlcnMvRG9jdW1lbnRzL1VOSS9VU0MvU3ByaW5nXzIwMTUvRUNPTiA2NDQvV2VlayAzX0hlYWx0aC9NaWd1ZWwgYW5kIEtyYW1lciBIZWFsdGggYW5kIEV4dGVybmFsaXRpZXMucGRmAAATAAEvAAAVAAIAFP//AACABtIbHB0eWiRjbGFzc25hbWVYJGNsYXNzZXNdTlNNdXRhYmxlRGF0YaMdHyBWTlNEYXRhWE5TT2JqZWN00hscIiNcTlNEaWN0aW9uYXJ5oiIgXxAPTlNLZXllZEFyY2hpdmVy0SYnVHJvb3SAAQAIABEAGgAjAC0AMgA3AEAARgBNAFUAYABnAGoAbABuAHEAcwB1AHcAhACOAOsA8AD4A24DcAN1A4ADiQOXA5sDogOrA7ADvQPAA9ID1QPaAAAAAAAAAgEAAAAAAAAAKAAAAAAAAAAAAAAAAAAAA9w=}}

@article{wallerstein1974,
	Author = {Immanuel Wallerstein},
	Date-Added = {2016-04-12 18:10:27 +0000},
	Date-Modified = {2016-04-12 18:10:27 +0000},
	Journal = {Comparative Studies in Society and History},
	Keywords = {POIR 670},
	Number = {4},
	Pages = {387-415},
	Title = {{The Rise and Future Demise of the World Capitalist System: Concepts for Comparative Analysis}},
	Volume = {16},
	Year = {1974},
	Bdsk-File-1 = {YnBsaXN0MDDUAQIDBAUGJCVYJHZlcnNpb25YJG9iamVjdHNZJGFyY2hpdmVyVCR0b3ASAAGGoKgHCBMUFRYaIVUkbnVsbNMJCgsMDxJXTlMua2V5c1pOUy5vYmplY3RzViRjbGFzc6INDoACgAOiEBGABIAFgAdccmVsYXRpdmVQYXRoWWFsaWFzRGF0YV8QVC4uLy4uLy4uL1NwcmluZyAyMDE0L1BPSVIgNjcwL1dlZWsgNF9DYXBpdGFsaXNtIGFuZCBJbXBlcmlhbGlzbS9XYWxsZXJzdGVpbl8xOTc0LnBkZtIXCxgZV05TLmRhdGFPEQJQAAAAAAJQAAIAAAxNYWNpbnRvc2ggSEQAAAAAAAAAAAAAAAAAAADRDtiISCsAAAAJ5FQUV2FsbGVyc3RlaW5fMTk3NC5wZGYAAAAAAAAAAAAAAAAAAAAAAAAAAAAAAAAAAAAAAAAAAAAAAAAAAAAAAAAAAAnkac8VEuEAAAAAAAAAAAADAAQAAAkgAAAAAAAAAAAAAAAAAAAAH1dlZWsgNF9DYXBpdGFsaXNtIGFuZCBJbXAjOUU0NTQAABAACAAA0Q9JCAAAABEACAAAzxWDYQAAAAEAIAAJ5FQACeLlAAng7AAJzboACa6+AAlhvwAJRsYAApUUAAIAhE1hY2ludG9zaCBIRDpVc2VyczoAdGhlcmVzZWFuZGVyczoARG9jdW1lbnRzOgBVTkk6AFVTQzoAU3ByaW5nIDIwMTQ6AFBPSVIgNjcwOgBXZWVrIDRfQ2FwaXRhbGlzbSBhbmQgSW1wIzlFNDU0OgBXYWxsZXJzdGVpbl8xOTc0LnBkZgAOACoAFABXAGEAbABsAGUAcgBzAHQAZQBpAG4AXwAxADkANwA0AC4AcABkAGYADwAaAAwATQBhAGMAaQBuAHQAbwBzAGgAIABIAEQAEgBxVXNlcnMvdGhlcmVzZWFuZGVycy9Eb2N1bWVudHMvVU5JL1VTQy9TcHJpbmcgMjAxNC9QT0lSIDY3MC9XZWVrIDRfQ2FwaXRhbGlzbSBhbmQgSW1wZXJpYWxpc20vV2FsbGVyc3RlaW5fMTk3NC5wZGYAABMAAS8AABUAAgAU//8AAIAG0hscHR5aJGNsYXNzbmFtZVgkY2xhc3Nlc11OU011dGFibGVEYXRhox0fIFZOU0RhdGFYTlNPYmplY3TSGxwiI1xOU0RpY3Rpb25hcnmiIiBfEA9OU0tleWVkQXJjaGl2ZXLRJidUcm9vdIABAAgAEQAaACMALQAyADcAQABGAE0AVQBgAGcAagBsAG4AcQBzAHUAdwCEAI4A5QDqAPIDRgNIA00DWANhA28DcwN6A4MDiAOVA5gDqgOtA7IAAAAAAAACAQAAAAAAAAAoAAAAAAAAAAAAAAAAAAADtA==},
	Bdsk-File-2 = {YnBsaXN0MDDUAQIDBAUGJCVYJHZlcnNpb25YJG9iamVjdHNZJGFyY2hpdmVyVCR0b3ASAAGGoKgHCBMUFRYaIVUkbnVsbNMJCgsMDxJXTlMua2V5c1pOUy5vYmplY3RzViRjbGFzc6INDoACgAOiEBGABIAFgAdccmVsYXRpdmVQYXRoWWFsaWFzRGF0YV8QWi4uLy4uLy4uL1NwcmluZyAyMDE0L1BPSVIgNjcwL1dlZWsgNF9DYXBpdGFsaXNtIGFuZCBJbXBlcmlhbGlzbS9Ob3Rlcy9XYWxsZXJzdGVpbiAxOTc0LnBkZtIXCxgZV05TLmRhdGFPEQJIAAAAAAJIAAIAAAxNYWNpbnRvc2ggSEQAAAAAAAAAAAAAAAAAAADRDtiISCsAAAAJ5FcUV2FsbGVyc3RlaW4gMTk3NC5wZGYAAAAAAAAAAAAAAAAAAAAAAAAAAAAAAAAAAAAAAAAAAAAAAAAAAAAAAAAAAAnkZc8TFDQAAAAAAAAAAAADAAUAAAkgAAAAAAAAAAAAAAAAAAAABU5vdGVzAAAQAAgAANEPSQgAAAARAAgAAM8ThLQAAAABACQACeRXAAnkVAAJ4uUACeDsAAnNugAJrr4ACWG/AAlGxgAClRQAAgCLTWFjaW50b3NoIEhEOlVzZXJzOgB0aGVyZXNlYW5kZXJzOgBEb2N1bWVudHM6AFVOSToAVVNDOgBTcHJpbmcgMjAxNDoAUE9JUiA2NzA6AFdlZWsgNF9DYXBpdGFsaXNtIGFuZCBJbXAjOUU0NTQ6AE5vdGVzOgBXYWxsZXJzdGVpbiAxOTc0LnBkZgAADgAqABQAVwBhAGwAbABlAHIAcwB0AGUAaQBuACAAMQA5ADcANAAuAHAAZABmAA8AGgAMAE0AYQBjAGkAbgB0AG8AcwBoACAASABEABIAd1VzZXJzL3RoZXJlc2VhbmRlcnMvRG9jdW1lbnRzL1VOSS9VU0MvU3ByaW5nIDIwMTQvUE9JUiA2NzAvV2VlayA0X0NhcGl0YWxpc20gYW5kIEltcGVyaWFsaXNtL05vdGVzL1dhbGxlcnN0ZWluIDE5NzQucGRmAAATAAEvAAAVAAIAFP//AACABtIbHB0eWiRjbGFzc25hbWVYJGNsYXNzZXNdTlNNdXRhYmxlRGF0YaMdHyBWTlNEYXRhWE5TT2JqZWN00hscIiNcTlNEaWN0aW9uYXJ5oiIgXxAPTlNLZXllZEFyY2hpdmVy0SYnVHJvb3SAAQAIABEAGgAjAC0AMgA3AEAARgBNAFUAYABnAGoAbABuAHEAcwB1AHcAhACOAOsA8AD4A0QDRgNLA1YDXwNtA3EDeAOBA4YDkwOWA6gDqwOwAAAAAAAAAgEAAAAAAAAAKAAAAAAAAAAAAAAAAAAAA7I=},
	Bdsk-File-3 = {YnBsaXN0MDDUAQIDBAUGJCVYJHZlcnNpb25YJG9iamVjdHNZJGFyY2hpdmVyVCR0b3ASAAGGoKgHCBMUFRYaIVUkbnVsbNMJCgsMDxJXTlMua2V5c1pOUy5vYmplY3RzViRjbGFzc6INDoACgAOiEBGABIAFgAdccmVsYXRpdmVQYXRoWWFsaWFzRGF0YV8QVS4uLy4uLy4uL1NwcmluZyAyMDE0L1BPSVIgNjcwL1dlZWsgNF9DYXBpdGFsaXNtIGFuZCBJbXBlcmlhbGlzbS9Ob3Rlcy9XYWxsZXJzdGVpbi5wZGbSFwsYGVdOUy5kYXRhTxECMgAAAAACMgACAAAMTWFjaW50b3NoIEhEAAAAAAAAAAAAAAAAAAAA0Q7YiEgrAAAACeRXD1dhbGxlcnN0ZWluLnBkZgAAAAAAAAAAAAAAAAAAAAAAAAAAAAAAAAAAAAAAAAAAAAAAAAAAAAAAAAAAAAAAAAAJ5GbPFcn0AAAAAAAAAAAAAwAFAAAJIAAAAAAAAAAAAAAAAAAAAAVOb3RlcwAAEAAIAADRD0kIAAAAEQAIAADPFjp0AAAAAQAkAAnkVwAJ5FQACeLlAAng7AAJzboACa6+AAlhvwAJRsYAApUUAAIAhk1hY2ludG9zaCBIRDpVc2VyczoAdGhlcmVzZWFuZGVyczoARG9jdW1lbnRzOgBVTkk6AFVTQzoAU3ByaW5nIDIwMTQ6AFBPSVIgNjcwOgBXZWVrIDRfQ2FwaXRhbGlzbSBhbmQgSW1wIzlFNDU0OgBOb3RlczoAV2FsbGVyc3RlaW4ucGRmAA4AIAAPAFcAYQBsAGwAZQByAHMAdABlAGkAbgAuAHAAZABmAA8AGgAMAE0AYQBjAGkAbgB0AG8AcwBoACAASABEABIAclVzZXJzL3RoZXJlc2VhbmRlcnMvRG9jdW1lbnRzL1VOSS9VU0MvU3ByaW5nIDIwMTQvUE9JUiA2NzAvV2VlayA0X0NhcGl0YWxpc20gYW5kIEltcGVyaWFsaXNtL05vdGVzL1dhbGxlcnN0ZWluLnBkZgATAAEvAAAVAAIAFP//AACABtIbHB0eWiRjbGFzc25hbWVYJGNsYXNzZXNdTlNNdXRhYmxlRGF0YaMdHyBWTlNEYXRhWE5TT2JqZWN00hscIiNcTlNEaWN0aW9uYXJ5oiIgXxAPTlNLZXllZEFyY2hpdmVy0SYnVHJvb3SAAQAIABEAGgAjAC0AMgA3AEAARgBNAFUAYABnAGoAbABuAHEAcwB1AHcAhACOAOYA6wDzAykDKwMwAzsDRANSA1YDXQNmA2sDeAN7A40DkAOVAAAAAAAAAgEAAAAAAAAAKAAAAAAAAAAAAAAAAAAAA5c=}}

@book{acemoglurobinson2006,
	Abstract = {This book develops a framework for analyzing the creation and consolidation of democracy. Different social groups prefer different political institutions because of the way they allocate political power and resources. Thus, democracy is preferred by the majority of citizens but opposed by elites. Dictatorship, nevertheless, is not stable when citizens can threaten social disorder and revolution. In response, when the costs of repression are sufficiently high and promises of concessions are not credible, elites may be forced to create democracy. By democratizing, elites credibily transfer political power to the citizens, ensuring social stability. Democracy consolidates when elites do not have a strong incentive to overthrow it. These processes depend on (1) the strength of civil society, (2) the structure of political institutions, (3) the nature of political and economic crises, (4) the level of economic inequality, (5) the structure of the economy, and (6) the form and extent of globalization.},
	Address = {New York},
	Annote = {Democracy more likely to be created:
(1) "sufficient social unrest in a nondemocratic regime that cannot be defused by limited concessions and promises of pro-citizen policies." Factors: living conditions, strength of civil society, nature of collective action problem, details of nondemocratic political institutions.
(2) "when the costs of democracy anticipated by the elite are limited, so that it is not
tempted to use repression to deal with the discontent of the citizens under the nondemocratic regime." Factors: inequality, taxation or redistribution of elite assets, elite loss from change in economic institutions, nascent democratic institutions cannot be manipulated.


CHAPTER 1
4 main paths to political development:
1) Gradual from nondemocracy to democracy. (UK, parliament won the struggle with monarchs in 17th century >> political power in hands of merchants and landowners >> sustained economic growth >> democratization)
2) Democracy, but subsequent collapse. (ARG, on- and off democracies)
3) Nondemocratic status quo (Singapore).
4) Forced nondemocratic status (South Africa before end of apartheid).

QUESTIONS
Difference in colonial versus non-colonial history, length of colonialism, etc.?},
	Author = {Daron Acemoglu and James A. Robinson},
	Date-Added = {2016-04-12 18:10:10 +0000},
	Date-Modified = {2016-04-12 18:10:10 +0000},
	Keywords = {IR 517},
	Publisher = {Cambridge University Press},
	Title = {{Economic Origins of Dictatorship and Democracy}},
	Year = {2006},
	Bdsk-File-1 = {YnBsaXN0MDDUAQIDBAUGJCVYJHZlcnNpb25YJG9iamVjdHNZJGFyY2hpdmVyVCR0b3ASAAGGoKgHCBMUFRYaIVUkbnVsbNMJCgsMDxJXTlMua2V5c1pOUy5vYmplY3RzViRjbGFzc6INDoACgAOiEBGABIAFgAdccmVsYXRpdmVQYXRoWWFsaWFzRGF0YV8Qey4uLy4uLy4uL1NwcmluZ18yMDE1L0lSIDUxNy9EYXJvbiBBY2Vtb2dsdSwgSmFtZXMgQS4gUm9iaW5zb24tRWNvbm9taWMgb3JpZ2lucyBvZiBkaWN0YXRvcnNoaXAgYW5kIGRlbW9jcmFjeS1DVVAgKDIwMDYpLnBkZtIXCxgZV05TLmRhdGFPEQLWAAAAAALWAAIAAAxNYWNpbnRvc2ggSEQAAAAAAAAAAAAAAAAAAADRDtiISCsAAAAJ5lcfRGFyb24gQWNlbW9nbHUsIEphbWUjNkQxRkE1LnBkZgAAAAAAAAAAAAAAAAAAAAAAAAAAAAAAAAAAAAAAAAAAAG0fpdEjydtQREYgAAAAAAADAAMAAAkgAAAAAAAAAAAAAAAAAAAABklSIDUxNwAQAAgAANEPSQgAAAARAAgAANEkLEsAAAABABwACeZXAAnlxwAJzboACa6+AAlhvwAJRsYAApUUAAIAbE1hY2ludG9zaCBIRDpVc2VyczoAdGhlcmVzZWFuZGVyczoARG9jdW1lbnRzOgBVTkk6AFVTQzoAU3ByaW5nXzIwMTU6AElSIDUxNzoARGFyb24gQWNlbW9nbHUsIEphbWUjNkQxRkE1LnBkZgAOAMAAXwBEAGEAcgBvAG4AIABBAGMAZQBtAG8AZwBsAHUALAAgAEoAYQBtAGUAcwAgAEEALgAgAFIAbwBiAGkAbgBzAG8AbgAtAEUAYwBvAG4AbwBtAGkAYwAgAG8AcgBpAGcAaQBuAHMAIABvAGYAIABkAGkAYwB0AGEAdABvAHIAcwBoAGkAcAAgAGEAbgBkACAAZABlAG0AbwBjAHIAYQBjAHkALQBDAFUAUAAgACgAMgAwADAANgApAC4AcABkAGYADwAaAAwATQBhAGMAaQBuAHQAbwBzAGgAIABIAEQAEgCYVXNlcnMvdGhlcmVzZWFuZGVycy9Eb2N1bWVudHMvVU5JL1VTQy9TcHJpbmdfMjAxNS9JUiA1MTcvRGFyb24gQWNlbW9nbHUsIEphbWVzIEEuIFJvYmluc29uLUVjb25vbWljIG9yaWdpbnMgb2YgZGljdGF0b3JzaGlwIGFuZCBkZW1vY3JhY3ktQ1VQICgyMDA2KS5wZGYAEwABLwAAFQACABT//wAAgAbSGxwdHlokY2xhc3NuYW1lWCRjbGFzc2VzXU5TTXV0YWJsZURhdGGjHR8gVk5TRGF0YVhOU09iamVjdNIbHCIjXE5TRGljdGlvbmFyeaIiIF8QD05TS2V5ZWRBcmNoaXZlctEmJ1Ryb290gAEACAARABoAIwAtADIANwBAAEYATQBVAGAAZwBqAGwAbgBxAHMAdQB3AIQAjgEMAREBGQPzA/UD+gQFBA4EHAQgBCcEMAQ1BEIERQRXBFoEXwAAAAAAAAIBAAAAAAAAACgAAAAAAAAAAAAAAAAAAARh}}

@book{waltz1979,
	Address = {Boston etc.},
	Author = {Kenneth N. Waltz},
	Date-Added = {2016-04-12 18:09:10 +0000},
	Date-Modified = {2016-04-12 18:09:10 +0000},
	Keywords = {POIR 660},
	Publisher = {McGraw-Hill},
	Title = {Theory of International Politics},
	Year = {1979}}
